<?xml version="1.0" encoding="UTF-8"?><collection xmlns="http://www.loc.gov/MARC21/slim"><record><leader>00379nam--2200133-i-4500</leader><controlfield tag="001">000049972</controlfield><controlfield tag="002">20161230</controlfield><controlfield tag="005">20161230201047</controlfield><controlfield tag="008">060222s1000------------r-----000-0-eng-d</controlfield><datafield ind1=" " ind2=" " tag="100"><subfield code="a">Ahiezer, N.I., Glazman, I.M</subfield></datafield><datafield ind1=" " ind2=" " tag="245"><subfield code="a">Teoriia lineinyh operatorov v gilbertovom prostranstve</subfield></datafield><datafield ind1=" " ind2=" " tag="260"><subfield code="a">Moskva, Gostehizdat, 1950, 483s</subfield></datafield><datafield ind1=" " ind2=" " tag="852"><subfield code="a">1054</subfield><subfield code="c">517.43</subfield></datafield><datafield ind1=" " ind2=" " tag="CAT"><subfield code="a">Sys</subfield><subfield code="c">20080722</subfield><subfield code="h">120233</subfield></datafield></record></collection>